<record><leader>00000cas a2200000 a 4500</leader><controlfield tag="001">13379086</controlfield><controlfield tag="008">860402d186u1917paudn ne      0    0eng d</controlfield><datafield ind1=" " ind2=" " tag="010"><subfield code="a">sn 86063549 </subfield></datafield><datafield ind1=" " ind2=" " tag="040"><subfield code="a">KSH</subfield><subfield code="b">eng</subfield><subfield code="c">KSH</subfield><subfield code="d">NPT</subfield><subfield code="d">NPX</subfield><subfield code="d">NPH</subfield><subfield code="d">OCL</subfield><subfield code="d">OCLCQ</subfield></datafield><datafield ind1=" " ind2=" " tag="042"><subfield code="a">msc</subfield></datafield><datafield ind1="0" ind2="0" tag="245"><subfield code="a">Easton daily Argus.</subfield></datafield><datafield ind1="3" ind2="0" tag="246"><subfield code="a">Daily Argus</subfield></datafield><datafield ind1=" " ind2=" " tag="260"><subfield code="a">Easton, Pa. :</subfield><subfield code="b">James F. Shunk &amp; Co.</subfield></datafield><datafield ind1=" " ind2=" " tag="300"><subfield code="a">v. :</subfield><subfield code="b">ill. ;</subfield><subfield code="c">56-71 cm.</subfield></datafield><datafield ind1=" " ind2=" " tag="310"><subfield code="a">Daily (except Sun.)</subfield></datafield><datafield ind1="1" ind2=" " tag="362"><subfield code="a">Ceased in 1917?</subfield></datafield><datafield ind1=" " ind2=" " tag="500"><subfield code="a">Publishers: J.P. Correll &amp; Oliver L. Fehr, &lt;1879&gt;; O.L. Fehr, &lt;1890&gt;.</subfield></datafield><datafield ind1=" " ind2=" " tag="515"><subfield code="a">On Sept. 22, 1879 publisher started a new numbering.</subfield></datafield><datafield ind1=" " ind2=" " tag="588"><subfield code="a">Description based on: Vol. 2, no. 128 (May 3, 1869).</subfield></datafield><datafield ind1=" " ind2=" " tag="752"><subfield code="a">United States</subfield><subfield code="b">Pennsylvania</subfield><subfield code="c">Northampton</subfield><subfield code="d">Easton.</subfield></datafield><datafield ind1="0" ind2=" " tag="775"><subfield code="t">Easton weekly Argus</subfield><subfield code="w">(DLC)sn 83032032</subfield></datafield><datafield ind1="0" ind2=" " tag="775"><subfield code="t">Easton semi-weekly Argus</subfield><subfield code="w">(DLC)sn 86064040</subfield></datafield><datafield ind1="0" ind2="7" tag="785"><subfield code="t">Easton express (Easton, Pa. : 1867)</subfield><subfield code="w">(DLC)sn 83032033</subfield></datafield><datafield ind1="0" ind2="7" tag="785"><subfield code="t">Easton express, Easton Argus</subfield><subfield code="w">(DLC)sn 87078430</subfield></datafield><datafield ind1="1" ind2=" " tag="029"><subfield code="a">AU@</subfield><subfield code="b">000022168476</subfield></datafield></record>